@electronic{electronic_mv,
author = "R. Cruz",
title = "Our Mission and Vision - Agenda 4: Enhancing Support Systems for Empowerment and Inspiration",
url = "http://uplb.edu.ph/index.php/about-uplb/our-mission-vision?showall=\&start=4"
}

@misc{misc_t,
author = "Office of Student Affairs",
title = "Number of Students Enrolled in University of the Philippines-Los Ban\~{n}os per Region",
month = "July",
year = "2014"
}

@electronic{electronic_men,
organization = "University Housing Office",
title = "Men's Residence Hall",
url = "http://uho.uplb.edu.ph/index.php/component/content/article/13-students/dorms/19-mens-dorm"
}
@electronic{electronic_wmen,
organization = "University Housing Office",
title = "Women's Residence Hall",
url = "http://uho.uplb.edu.ph/index.php/component/content/article/13-students/dorms/23-womens-dorm"
}

@electronic{electronic_new,
organization = "University Housing Office",
title = "New Dormitory",
url = "http://uho.uplb.edu.ph/index.php/component/content/article/13-students/dorms/20-new-dorm"
}
@electronic{electronic_vet,
organization = "University Housing Office",
title = "Veterinary Medicine Residence Hall",
url = "http://uho.uplb.edu.ph/index.php/component/content/article/13-students/dorms/22-vetmed-dorm"
}
@electronic{electronic_mareha,
organization = "University Housing Office",
title = "Makiling Residence Hall",
url = "http://uho.uplb.edu.ph/index.php/component/content/article/13-students/dorms/18-mareha"
}
@electronic{electronic_nfrh,
organization = "University Housing Office",
title = "New Forestry Residence Hall",
url = "http://uho.uplb.edu.ph/index.php/component/content/article/13-students/dorms/16-new-foreha"
}
@electronic{electronic_foreha,
organization = "University Housing Office",
title = "Forestry Residence Hall",
url = "http://uho.uplb.edu.ph/index.php/component/content/article/13-students/dorms/21-foreha"
}
@electronic{electronic_au,
organization = "University Housing Office",
title = "ACCI Dorm-Upper",
url = "http://uho.uplb.edu.ph/index.php/component/content/article/13-students/dorms/14-acci-dorm-upper"
}
@electronic{electronic_al,
organization = "University Housing Office",
title = "ACCI Dorm-Lower",
url = "http://uho.uplb.edu.ph/index.php/component/content/article/13-students/dorms/11-acci-dorm-lower"
}
@electronic{electronic_ati,
organization = "University Housing Office",
title = "ATI-NTC Residence Hall",
url = "http://uho.uplb.edu.ph/index.php/component/content/article/13-students/dorms/15-ati-ntc"
}
@electronic{electronic_ih,
organization = "University Housing Office",
title = "International House",
url = "http://uho.uplb.edu.ph/index.php/component/content/article/13-students/dorms/17-ih"
}
@electronic{electronic_se,
organization = "MOZ",
title = "Chapter 1: How Search Engines Operate?",
url = "http://moz.com/beginners-guide-to-seo/how-search-engines-operate"
}
@electronic{electronic_cs,
organization = "Daily Crowdsource",
title = "What is Crowdsourcing?",
url = "http://dailycrowdsource.com/training/crowdsourcing/what-is-crowdsourcing"
}

@electronic{electronic_cst,
date ="8",
month ="May",
year = "2010",
title = "Four Types of Crowdsourcing",
author ="S. Keifer",
url = "http://outsideinmarketing.wordpress.com/2010/05/08/four-types-of-crowdsourcing/"
}
@electronic{electronic_csw,
date ="11",
month ="Jun",
year = "2013",
title = "American Idol is Using Crowd Voting, Why Don't You?",
author ="A. Stefanakis",
url = "http://www.crowdsourcing.org/blog/american-idol-is-using-crowd-voting-why-dont-you-/26504"
}

@book{book_oxford,
year = "2014",
title = "Oxford English Dictionary",
publisher = "Oxford Univeristy Press"
}

@electronic{electronic_foun,

title = "Foundation",
author ="Zurb",
url = "https://github.com/zurb/foundation"
}
@electronic{electronic_umichi,

organization = "University of Michigan",
url = "https://offcampushousing.umich.edu/property/rental"
}
@electronic{electronic_umary,

organization = "University of Maryland",
url = "http://www.umd.och101.com/"
}
@electronic{electronic_uconn,

organization = "University of Connecticut",
url = "http://www.offcampushousing.uconn.edu/"
}
@electronic{electronic_corn,

organization = "Cornell University",
url = "https://sf-sas-app-002.serverfarm.cornell.edu:7793/och/faces/task-flow-definition6/och\_welcome"
}
@electronic{electronic_george,

organization = "Georgetown University",
url = "https://ochlistings.georgetown.edu/"
}
@electronic{electronic_upenn,

organization = "Pennsylvania State University",
url = "https://ochlistings.georgetown.edu/"
}
@electronic{electronic_admu,

organization = "Ateneo De Manila University",
title = "Accredited Off-Campus Housing Facilities",
url = "http://www.admu.edu.ph/ls/quick-links-services/accredited-campus-housing-facilities"
}
