@article{article_ganesh,
  author        = "G. Bhadane and S. Sharma and V. B. Nerkar",
  title         = "Early Pest Identification in Agricultural Crops using Image Processing Techniques",
  journal       = "International Journal of Electrical, Electronics and Computer Engineering",
  volume        = "2",
  month         = sep # "/" # oct,
  year          = "2013",
  pages         = "77-82"
};

@article{article_kandalkar,
  author        = "G. Y. Kandalkar and A. V. Deorankar",
  title         = "Overview of Image Processing Approach for Identification of Agricultural Pest",
  journal       = "International Journal of Advanced Electronics and Communication Systems",
  month         = feb,
  year          = "2014"
};

@article{article_miranda,
  author        = "J. L. Miranda and B. D. Gerardo and B. T. Tanguilig",
  title         = "Pest Detection and Extraction Using Image Processing Techniques",
  journal       = "International Journal of Computer and Communication Engineering",
  volume        = "3",
  month         = may,
  year          = "2014",
  pages         = "190-192"
};

@article{article_hassan,
  author        = "S. N. A. Hassan and N. S. A. Rahman and Z. Z. Htike and S. L. Win",
  title         = "An Automatic Identification System of Agricultural Pests Based on Machin Vision"
};


@article{article_alsaqer,
  author        = "S. M. Al-Saqer and P. Weckler and J. Solie and M. Stone and Wayadande",
  title         = "Identification of Pecan Weevils through Image Processing",
  journal       = "American Journal of Agricultural and Biological Sciences",
  volume        = "6",
  year          = "2011",
  pages         = "69-79"
};

@article{article_fina,
  author        = "F. Fina and P. Birch and R. Young and J. Obu and B. Faithpraise and Chris Chatwin",
  title         = "Automatic Plan Pest Detection and Recognition Using K-Means Clustering Algorithm and Correspondence Filters",
  journal       = "International Journal of Advanced Biotechnology and Research",
  volume        = "4",
  year          = "2013",
  pages         = "189-199"
};

@article{article_kandalkar2,
  author        = "G. Kandalkar and A. V. Deorankar and P. N. Chatur",
  title         = "Classification of Agricultural Pests Using DWT and Back Propagation Neural Networs",
  journal       = "International Journal of Computer Science and Information Technologies",
  volume        = "5",
  year          = "2014",
  pages         = "4034-4037"
};

@article{article_kandalkar3,
  author        = "G. Kandalkar and A. V. Deorankar and P. N. Chatur",
  title         = "A Review of Literature on Application of Image Processing for Identification of Agricultural Pests on Various Crops",
  journal       = "International Journal of Engineering Science and Innovative Technology",
  volume        = "2",
  month         = nov,
  year          = "2013",
  pages         = "601-606"
};

@article{article_manaa,
  author        = "M. E. Manaa and N. T. Obies and T. A. Al-Assadi",
  title         = "Object Classification using a neural networks with Gray-Co-occurrence Matrices (GLCM)",
};

@article{article_mundada,
  author        = "R. G. Mundada and V. V. Gohokar",
  title         = "Detection and Classification of Pests in Greenhouse Using Image Processing",
  journal       = "IOSR Journal of Electronics and Communication Engineering",
  volume        = "5",
  month         = mar # "/" # oct,
  year          = "2013",
  pages         = "57-63"
};

@article{article_krishnan,
  author        = "M. Krishnan and G. Jabert",
  title         = "Pest Control in Agricultural Plantation Using Image Processing",
  journal       = "IOSR Journal of Electronics and Communication Engineering",
  volume        = "6",
  month         = may # "/" # jun,
  year          = "2013",
  pages         = "68-74"
};

@article{article_cho,
  author        = "J. Cho and J. Choi and M. Qiao and C. Ji and H. Kim and K. Uhm and T. Chon",
  title         = "Automatic Identification of Whiteflies, Aphids and Thrips in Greenhouse Based on Image Analysis",
  journal       = "International Journal of Mathematics and Computers in Simulation",
  volume        = "1",
  year          = "2007",
  pages         = "46-53"
};

@article{article_zhang,
  author        = "F. Zhang and G. Wang and J. Ye and Q. Liu",
  title         = "An Automatic Identification System of Agricultural Pests Based on Machine Vision",
  journal       = "IOSR Journal of Electronics and Communication Engineering",
  volume        = "6",
  month         = may # "/" # jun,
  year          = "2013",
  pages         = "68-74"
};

@inproceedings{conf_zhu,
  author        = "L. Zhu and Z. Zhang",
  title         = "Auto-classification of Insect Images Based on Color Histogram and GLCM",
  booktitle     = "Seventh International Conference on Fuzzy Systems and Knowledge Discovery, 2010"
};

@electronic{electronic_wp,
author = "WordPress.org",
title = "WordPress.org",
url = "https://wordpress.com/"
};

@electronic{electronic_opencv,
author = "itseez",
title = "OpenCV: Open Source Computer Vision",
url = "http://opencv.org/"
};

@electronic{electronic_knn,
author = "S. Thirumuruganathan",
title = "A Detailed Introduction to K-Nearest Neighbor (KNN) Algorithm",
url = "http://saravananthirumuruganathan.wordpress.com/2010/05/17/a-detailed-introduction-to-k-nearest-neighbor-knn-algorithm/"
};

@electronic{electronic_irri,
author = "IRRI",
title = "How to Manage Pests and Diseases",
url = "http://www.knowledgebank.irri.org/step-by-step-production/growth/pests-and-diseases"
};

@electronic{electronic_orkin,
author = "Orkin",
title = "Orkin Pest Library",
url = "http://www.orkin.com/learningcenter/pest\_library/"
};

@electronic{electronic_preprocessing,
author = "University of Delaware",
title = "Image Preprocessing",
url = "http://climate.geog.udel.edu/~tracyd/geog474/geog474\_preprocessing.html"
};

@electronic{electronic_segmentation,
title = "Image Segmentation",
url = "http://www.cs.toronto.edu/\~jepson/csc2503/segmentation.pdf"
};

@electronic{electronic_feature,
title = "Feature Extraction",
author = "Andre Aichert",
url = "http://home.in.tum.de/~aichert/featurepres.pdf"
};

@electronic{electronic_bugs,
title = "Hemiptera: bugs, aphids and cicadas",
url = "http://www.ento.csiro.au/education/insects/hemiptera.html"
};

@IEEEtranBSTCTL{IEEEexample:BSTcontrol,
  CTLuse_article_number     = "yes",
  CTLuse_paper              = "yes",
  CTLuse_forced_etal        = "no",
  CTLmax_names_forced_etal  = "10",
  CTLnames_show_etal        = "1",
  CTLuse_alt_spacing        = "yes",
  CTLalt_stretch_factor     = "4",
  CTLdash_repeated_names    = "yes",
  CTLname_format_string     = "{f.~}{vv~}{ll}{, jj}",
  CTLname_latex_cmd         = ""
};